@online{matyas,
 author = {Jiří Matyáš},
 title = {Aplikace s možností injekce chyb pro ověřování kvality testu},
 year = {2018},
 publisher = {Západočeská Univerzita v Plzni},
 address = {Plzeň, CZ},
 cited = {2019/04/05},
 url = {https://dspace5.zcu.cz/bitstream/11025/31808/1/Matyas_Jiri_Diplomova_prace.pdf}
} 

@book{htmlCss,
 author = {Julie C. Meloni},
 title = {Sams Teach Yourself HTML, CSS, and JavaScript All in One},
 year = {2011},
 isbn = {9780672333323},
 publisher = {Pearson Education},
 address = {Indianapolis, USA},
} 

@book{mvc,
 author = {Chris Pitt},
 title = {Pro PHP MVC},
 year = {2012},
 isbn = {9781430241645},
 publisher = {Apress},
} 

@book{docker,
 author = {Adrian Mouat},
 title = {Using Docker},
 year = {2016},
 isbn = {9781491915769},
 publisher = {O'Reilly Media, Inc},
 address = {Sebastopol, USA},
} 

@online{css,
author = {Bert Bos},
title = {A brief history of CSS until 2016},
publisher = {W3C},
year = {2016},
cited = {2019/04/05},
url = {https://www.w3.org/Style/CSS20/history.html}
}

@online{phpversion,
author = {PHP},
title = {Supported Versions},
year = {2019},
cited = {2019/04/05},
url = {https://www.php.net/supported-versions.php},
note = {Přehled aktuálních verzí PHP}
}

@online{phpHistory,
author = {PHP},
title = {History of PHP},
year = {2019},
cited = {2019/04/05},
url = {https://www.php.net/manual/en/history.php.php},
}

@online{phpnews,
author = {PHP},
title = {New features},
year = {2019},
cited = {2019/04/05},
url = {https://www.php.net/manual/en/migration70.new-features.php},
note = {Přehled novinek ve verzi PHP 7}
}

@online{js,
author = {Sebastian Peyrott},
title = {A Brief History of JavaScript},
year = {2017},
cited = {2019/04/05},
url = {https://auth0.com/blog/a-brief-history-of-javascript/},
}

@online{bootstrap,
author = {Bootstrap},
title = {About},
year = {2019},
cited = {2019/04/05},
url = {https://getbootstrap.com/docs/4.3/about/overview/},
}

@online{smarty3,
author = {smarty},
title = {Smarty 3 Overview},
year = {2019},
cited = {2019/04/05},
url = {https://www.smarty.net/v3_overview},
}

@online{smarty,
author = {smarty},
title = {All About Smarty},
year = {2019},
cited = {2019/04/05},
url = {https://www.smarty.net/about_smarty},
}

@online{twig,
author = {Twig},
title = {Introduction},
year = {2019},
cited = {2019/04/05},
url = {https://twig.symfony.com/doc/2.x/intro.html},
}

@online{composer,
author = {github.com},
title = {Software release},
year = {2019},
cited = {2019/04/05},
url = {https://github.com/composer/composer/releases/tag/1.0.0-alpha1},
}

@online{composer2,
author = {Composer},
title = {Introduction},
year = {2019},
cited = {2019/04/05},
url = {https://getcomposer.org/doc/00-intro.md#dependency-management},
}

@online{ckedit,
author = {CKEditor},
title = {CKEditor 4 Guides},
year = {2019},
cited = {2019/04/05},
url = {https://ckeditor.com/docs/ckeditor4/latest/guide/index.html},
}

@online{xamppp,
author = {Sourceforge},
title = {Apache distribution for windows},
year = {2019},
cited = {2019/04/05},
url = {https://sourceforge.net/projects/xampp/files/XAMPP%20Windows/},
}

@online{symfonyroadmap,
author = {Symfony},
title = {Symfony Roadmap},
year = {2019},
cited = {2019/04/05},
url = {https://symfony.com/roadmap},
}

@online{symfonycomponents,
author = {Symfony},
title = {Symfony Components},
year = {2019},
cited = {2019/04/05},
url = {https://symfony.com/components},
}

@online{admintemplate,
author = {FreeHTML5},
title = {Law: Free HTML5 Bootstrap Template for Law Firm Websites},
year = {2019},
cited = {2019/04/05},
url = {https://freehtml5.co/law-free-html5-bootstrap-template-for-law-firm-websites/},
}

@online{publictemplate,
author = {W3Layouts},
title = {Glance Design Dashboard Bootstrap Responsive Web Template},
year = {2019},
cited = {2019/04/05},
url = {https://w3layouts.com/glance-design-dashboard-bootstrap-responsive-web-template/},
}

@online{bytes,
author = {PHP},
title = {random bytes},
year = {2019},
cited = {2019/04/05},
url = {https://secure.php.net/manual/en/function.random-bytes.php},
}

@online{still,
author = {STILL},
title = {SOFTWARE TESTING INTELLIGENT LAB},
year = {2019},
cited = {2019/04/05},
url = {http://still.felk.cvut.cz},
}

@online{juts,
author = {Tomáš Potužák},
title = {Java Urban Traffic Simulator},
year = {2006},
cited = {2019/04/05},
url = {http://www.juts.zcu.cz},
}

@online{skupiny,
author = {KIV},
title = {Výzkum},
year = {2016},
cited = {2019/04/05},
url = {http://www.kiv.zcu.cz/cz/vyzkum/oblasti.html},
}

@online{weby,
author = {W3Counter},
title = {Web Browser Market Share},
year = {2019},
cited = {2019/04/05},
url = {https://www.w3counter.com/globalstats.php},
}


https://www.php.net/manual/en/migration70.new-features.php
https://www.w3schools.com/html/html_intro.asp
